% $Id: Coupler.bib,v 1.1.5.1 2013-01-11 20:23:44 mathomp4 Exp $

<Standard LaTeX bibliographic database entries (e.g. @techreport ...).
 Latex2html automatically creates links when the \cite command 
 is used to reference a bibliography entry in the text body.>















